@misc{clsimreadme,
  author = "Claudio Kopper",
  title = "clsim README",
  howpublished = "\url{https://github.com/claudiok/clsim/blob/master/README.md}",
  year = 2013
}

@misc{icesimdocumentation,
  author = "IceCube Collaboration",
  title = "IceCube Simulation Framework Documentation",
  howpublished = "\url{http://software.icecube.wisc.edu/documentation/}",
  year = 2017
}

@misc{icesimcode,
  author = "IceCube Collaboration",
  title = "IceCube Simulation Framework Sourcecode",
  howpublished = "\url{http://code.icecube.wisc.edu/projects/icecube/browser/IceCube/meta-projects/simulation}",
  year = 2018
}

@misc{steamshoveldocumentation,
  author = "IceCube ",
  title = "Stemshovel Documentation",
  howpublished = "\url{http://software.icecube.wisc.edu/documentation/projects/steamshovel/basics.html}"
}